@article{arXiv21,
    author = "Marevic, P. and Schunck, N. and Ney, E. M. and P\'erez, R. Navarro and Verriere, M. and O'Neal, J.",
    title = "{Axially-deformed solution of the Skyrme-Hartree-Fock-Bogoliubov equations using the transformed harmonic oscillator basis (IV) hfbtho (v4.0): A new version of the program}",
    month = "10",
    year = "2021",
    url = "https://arxiv.org/abs/2110.06424",
    eprint = "2110.06424",
    archivePrefix = "arXiv",
    primaryClass = "nucl-th",
}

@article{arXiv12,
      author         = "Navarro P\'erez, R. and Amaro, J. E. and Ruiz Arriola, E.",
      title          = "{Error estimates on Nuclear Binding Energies from
                        Nucleon-Nucleon uncertainties}",
      year           = "2012",
      url            = "http://arxiv.org/abs/1202.6624",
      eprint         = "1202.6624",
      archivePrefix  = "arXiv",
      primaryClass   = "nucl-th",
      SLACcitation   = "%%CITATION = ARXIV:1202.6624;%%",
}

@article{prc21,
    author = "Escalante, Adolfo Guevara and Navarro P\'erez, Rodrigo and Ruiz Arriola, Enrique",
    title = "{Partial-wave correlations with uncertainties in the two-nucleon system}",
    eprint = "2010.03885",
    archivePrefix = "arXiv",
    primaryClass = "nucl-th",
    doi = "10.1103/PhysRevC.104.054002",
    journal = "Phys. Rev. C",
    volume = "104",
    number = "5",
    pages = "054002",
    year = "2021"
}


@article{plb21,
  title = {Insight into the Reaction Dynamics of Proton Drip-Line Nuclear System {{17F}}+{{58Ni}} at near-Barrier Energies},
  author = {Yang, L. and Lin, C. J. and Yamaguchi, H. and Lei, Jin and Wen, P. W. and Mazzocco, M. and Ma, N. R. and Sun, L. J. and Wang, D. X. and Zhang, G. X. and Abe, K. and Cha, S. M. and Chae, K. Y. and Diaz-Torres, A. and Ferreira, J. L. and Hayakawa, S. and Jia, H. M. and Kahl, D. and Kim, A. and Kwag, M. S. and La Commara, M. and Navarro Pérez, R. and Parascandolo, C. and Pierroutsakou, D. and Rangel, J. and Sakaguchi, Y. and Signorini, C. and Strano, E. and Xu, X. X. and Yang, F. and Yang, Y. Y. and Zhang, G. L. and Zhong, F. P. and Lubian, J.},
  date = {2021-02-10},
  journaltitle = {Physics Letters B},
  volume = {813},
  pages = {136045},
  issn = {0370-2693},
  doi = {10.1016/j.physletb.2020.136045},
  langid = {english}
}

@article{prc20a,
    author = "Fox, Jordan M.R. and Johnson, Calvin W. and Navarro Perez, Rodrigo",
    title = "{Uncertainty quantification of an empirical shell-model interaction using principal component analysis}",
    eprint = "1911.05208",
    archivePrefix = "arXiv",
    primaryClass = "nucl-th",
    doi = "10.1103/PhysRevC.101.054308",
    journal = "Phys. Rev. C",
    volume = "101",
    number = "5",
    pages = "054308",
    year = "2020"
}

@article{epja20,
    author = "Navarro Pérez, Rodrigo and Ruiz Arriola, Enrique",
    title = "{Uncertainty quantification and falsification of chiral nuclear potentials}",
    doi = "10.1140/epja/s10050-020-00103-1",
    eprint = "1907.04032",
    archivePrefix = "arXiv",
    primaryClass = "nucl-th",
    journal = "Eur. Phys. J. A",
    volume = "56",
    number = "3",
    pages = "99",
    year = "2020"
}


@article{jpcs19,
    author = "Navarro Pérez, R. and Schunck, N.",
    editor = "Acosta, Luis and Amador-Valenzuela, Paulina and Marin-Lambarri, Daniel Jose",
    title = "{Microscopically based energy density functionals for nuclei using the density matrix expansion}",
    eprint = "1903.08537",
    archivePrefix = "arXiv",
    primaryClass = "nucl-th",
    reportNumber = "LLNL-PROC-769943",
    doi = "10.1088/1742-6596/1308/1/012014",
    journal = "J. Phys. Conf. Ser.",
    volume = "1308",
    number = "1",
    pages = "012014",
    year = "2019"
}


@article{prc20b,
    author = "Sprouse, T.M. and Navarro Perez, R. and Surman, R. and Mumpower, M.R. and McLaughlin, G.C. and Schunck, N.",
    title = "{Propagation of Statistical Uncertainties of Skyrme Mass Models to Simulations of $r$-Process Nucleosynthesis}",
    eprint = "1901.10337",
    archivePrefix = "arXiv",
    primaryClass = "nucl-th",
    reportNumber = "LA-UR-19-20003",
    doi = "10.1103/PhysRevC.101.055803",
    journal = "Phys. Rev. C",
    volume = "101",
    number = "5",
    pages = "055803",
    year = "2020"
}

@article{plb19,
    author = "Navarro Pérez, Rodrigo and Lei, Jin",
    title = "{Is the unusual near-threshold potential behavior in elastic scattering of weakly bound nuclei a precision error?}",
    eprint = "1812.05641",
    archivePrefix = "arXiv",
    primaryClass = "nucl-th",
    doi = "10.1016/j.physletb.2019.06.005",
    journal = "Phys. Lett. B",
    volume = "795",
    pages = "200--205",
    year = "2019"
}


@article{hadron17,
      author         = "Ruiz Arriola, Enrique and Amaro, Jose Enrique and Navarro Pérez,
                        Rodrigo",
      title          = "{Fitting and selecting scattering data}",
      booktitle      = "{Proceedings, 17th International Conference on Hadron
                        Spectroscopy and Structure (Hadron 2017): Salamanca,
                        Spain, September 25-29, 2017}",
      journal        = "PoS",
      volume         = "Hadron2017",
      year           = "2018",
      pages          = "134",
      doi            = "10.22323/1.310.0134",
      eprint         = "1711.11338",
      archivePrefix  = "arXiv",
      primaryClass   = "nucl-th",
      SLACcitation   = "%%CITATION = ARXIV:1711.11338;%%"
}

@article{prc18a,
      author         = "Navarro Pérez, R. and Schunck, N. and Dyhdalo, A. and
                        Furnstahl, R. J. and Bogner, S. K.",
      title          = "{Microscopically based energy density functionals for
                        nuclei using the density matrix expansion. II. Full
                        optimization and validation}",
      journal        = "Phys. Rev.",
      volume         = "C97",
      year           = "2018",
      number         = "5",
      pages          = "054304",
      doi            = "10.1103/PhysRevC.97.054304",
      eprint         = "1801.08615",
      archivePrefix  = "arXiv",
      primaryClass   = "nucl-th",
      SLACcitation   = "%%CITATION = ARXIV:1801.08615;%%"
										    }

@article{prc18,
      author         = "Bulgac, A. and Forbes, M. M. and Jin, S. and
                        Navarro Pérez, R. and Schunck, N.",
      title          = "{Minimal nuclear energy density functional}",
      journal        = "Phys. Rev.",
      volume         = "C97",
      year           = "2018",
      number         = "4",
      pages          = "044313",
      doi            = "10.1103/PhysRevC.97.044313",
      eprint         = "1708.08771",
      archivePrefix  = "arXiv",
      primaryClass   = "nucl-th",
      reportNumber   = "NT@UW-17-12",
      SLACcitation   = "%%CITATION = ARXIV:1708.08771;%%"
}

@article{prc17b,
      author         = "Ruiz Simo, I. and Navarro Pérez, R. and Amaro, J. E. and
                        Ruiz Arriola, E.",
      title          = "{Coarse graining the Bethe–Goldstone equation:
                        Nucleon–nucleon high-momentum components}",
      journal        = "Phys. Rev.",
      volume         = "C96",
      year           = "2017",
      number         = "5",
      pages          = "054006",
      doi            = "10.1103/PhysRevC.96.054006",
      eprint         = "1708.00878",
      archivePrefix  = "arXiv",
      primaryClass   = "nucl-th",
      SLACcitation   = "%%CITATION = ARXIV:1708.00878;%%"
}

@article{jpg17,
      author         = "Simo, I. Ruiz and Amaro, J. E. and Ruiz Arriola, E. and
                        Navarro Pérez, R.",
      title          = "{Low energy peripheral scaling in nucleon–nucleon
                        scattering and uncertainty quantification}",
      journal        = "J. Phys.",
      volume         = "G45",
      year           = "2018",
      number         = "3",
      pages          = "035107",
      doi            = "10.1088/1361-6471/aaabd2",
      eprint         = "1705.06522",
      archivePrefix  = "arXiv",
      primaryClass   = "nucl-th",
      SLACcitation   = "%%CITATION = ARXIV:1705.06522;%%"
}

@article{prc17,
      author         = "Ruiz Simo, I. and Navarro Pérez, R. and Amaro, J. E. and
                        Ruiz Arriola, E.",
      title          = "{Coarse grained short-range correlations}",
      journal        = "Phys. Rev.",
      volume         = "C95",
      year           = "2017",
      number         = "5",
      pages          = "054003",
      doi            = "10.1103/PhysRevC.95.054003",
      eprint         = "1612.06228",
      archivePrefix  = "arXiv",
      primaryClass   = "nucl-th",
      SLACcitation   = "%%CITATION = ARXIV:1612.06228;%%"
}

@article{cpc17,
      author         = "Navarro Peréz, R. and Schunck, N. and Lasseri, R.-D. and
                        Zhang, C. and Sarich, J.",
      title          = "{Axially deformed solution of the
                        Skyrme-Hartree-Fock-Bogolyubov equations using the
                        transformed harmonic oscillator basis (III) hfbtho
                        (v3.00): a new version of the program}",
      journal        = "Comp. Phys. Comm.",
      volume         = "220",
      year           = "2017",
      pages          = "363-375",
      doi            = "10.1016/j.cpc.2017.06.022",
      eprint         = "1704.03945",
      archivePrefix  = "arXiv",
      primaryClass   = "nucl-th",
      SLACcitation   = "%%CITATION = ARXIV:1704.03945;%%"
						      }

@article{prc17a,
      author         = "Navarro Pérez, R. and Amaro, J. E. and Ruiz Arriola, E.",
      title          = "{Precise Determination of Charge Dependent
                        Pion-Nucleon-Nucleon Coupling Constants}",
      journal        = "Phys. Rev.",
      volume         = "C95",
      year           = "2017",
      number         = "6",
      pages          = "064001",
      doi            = "10.1103/PhysRevC.95.064001",
      eprint         = "1606.00592",
      archivePrefix  = "arXiv",
      primaryClass   = "nucl-th",
      SLACcitation   = "%%CITATION = ARXIV:1606.00592;%%"
}

@article{fair16,
      author         = "Navarro Pérez, R. and Nogga, A. and Amaro, J. E. and Ruiz
                        Arriola, E.",
      title          = "{Binding in light nuclei: Statistical NN uncertainties vs
                        Computational accuracy}",
      journal        = "Journal of Physics: Conference Series ",
      doi            = "10.1088/1742-6596/742/1/012001",
      year           = "2016",
      eprint         = "1604.00968",
      archivePrefix  = "arXiv",
      primaryClass   = "nucl-th",
      reportNumber   = "LLNL-PROC-687623",
      SLACcitation   = "%%CITATION = ARXIV:1604.00968;%%"
}

@article{epj16a,
      author         = "Ruiz Arriola, E. and Amaro, J. E. and Navarro Pérez, R.",
      title          = "{The falsification of Chiral Nuclear Forces}",
      booktitle      = "{Proceedings, 12th Conference on Quark Confinement and
                        the Hadron Spectrum (Confinement XII): Thessaloniki,
                        Greece}",
      journal        = "EPJ Web Conf.",
      volume         = "137",
      year           = "2017",
      pages          = "09006",
      doi            = "10.1051/epjconf/201713709006",
      eprint         = "1611.02607",
      archivePrefix  = "arXiv",
      primaryClass   = "nucl-th",
      reportNumber   = "LLNL-PROC-708534",
      SLACcitation   = "%%CITATION = ARXIV:1611.02607;%%"
}




@article{mpla16,
      author         = "Ruiz Arriola, E. and Amaro, J. E. and Navarro Pérez, R.",
      title          = "{Three pion nucleon coupling constants}",
      journal        = "Mod. Phys. Lett.",
      volume         = "A31",
      number         = "28",
      pages          = "1630027",
      doi            = "10.1142/S0217732316300275",
      year           = "2016",
      eprint         = "1606.02171",
      archivePrefix  = "arXiv",
      primaryClass   = "nucl-th",
      SLACcitation   = "%%CITATION = ARXIV:1606.02171;%%"
}

@article{epj16,
      author         = "Navarro Pérez, R.  and Amaro, J. E. and Ruiz Arriola, E.",
      title          = "{The Falsification of Nuclear Forces}",
      journal        = "EPJ Web Conf.",
      volume         = "113",
      year           = "2016",
      pages          = "04021",
      doi            = "10.1051/epjconf/201611304021",
      eprint         = "1508.03271",
      archivePrefix  = "arXiv",
      primaryClass   = "nucl-th",
      SLACcitation   = "%%CITATION = ARXIV:1508.03271;%%"
}


@article{ijmpe16,
      author         = "Navarro Pérez, R. and Amaro, J. E. and Ruiz Arriola, E.",
      title          = "{Uncertainty quantification of effective nuclear
                        interactions}",
      journal        = "Int. J. Mod. Phys.",
      volume         = "E25",
      year           = "2016",
      number         = "05",
      pages          = "1641009",
      doi            = "10.1142/S0218301316410093",
      eprint         = "1601.08220",
      archivePrefix  = "arXiv",
      primaryClass   = "nucl-th",
      reportNumber   = "LLNL-JRNL-676451",
      SLACcitation   = "%%CITATION = ARXIV:1601.08220;%%"
}

@article{prc15b,
      author         = "Navarro Pérez, R. and Amaro, J. E. and Ruiz Arriola, E.
                        and Maris, P. and Vary, J. P.",
      title          = "{Statistical error propagation in ab initio no-core full
                        configuration calculations of light nuclei}",
      journal        = "Phys. Rev.",
      volume         = "C92",
      year           = "2015",
      number         = "6",
      pages          = "064003",
      doi            = "10.1103/PhysRevC.92.064003",
      eprint         = "1510.02544",
      archivePrefix  = "arXiv",
      primaryClass   = "nucl-th",
      SLACcitation   = "%%CITATION = ARXIV:1510.02544;%%"
}

@article{prd15,
      author         = "Navarro Pérez, R. and Ruiz Arriola, E. and Ruiz de
                        Elvira, J.",
      title          = "{Self-consistent statistical error analysis of $\pi\pi$
                        scattering}",
      journal        = "Phys. Rev.",
      volume         = "D91",
      year           = "2015",
      pages          = "074014",
      doi            = "10.1103/PhysRevD.91.074014",
      eprint         = "1502.03361",
      archivePrefix  = "arXiv",
      primaryClass   = "hep-ph",
      SLACcitation   = "%%CITATION = ARXIV:1502.03361;%%"
}


@article{prc15,
      author         = "Piarulli, M. and Girlanda, L. and Schiavilla, R. and
                        Pérez, R. Navarro and Amaro, J.E. and others",
      title          = "{Minimally non-local nucleon-nucleon potentials with
                        chiral two-pion exchange including $\Delta$'s}",
      journal        = "Phys.Rev.",
      number         = "2",
      volume         = "C91",
      pages          = "024003",
      doi            = "10.1103/PhysRevC.91.024003",
      year           = "2015",
      eprint         = "1412.6446",
      archivePrefix  = "arXiv",
      primaryClass   = "nucl-th",
      SLACcitation   = "%%CITATION = ARXIV:1412.6446;%%",
}

@article{prc15a,
      author         = "Navarro Pérez, R. and Amaro, J. E. and Arriola, E. Ruiz",
      title          = "{Low energy chiral two pion exchange potential with
                        statistical uncertainties}",
      journal        = "Phys. Rev.",
      volume         = "C91",
      year           = "2015",
      number         = "5",
      pages          = "054002",
      doi            = "10.1103/PhysRevC.91.054002",
      eprint         = "1411.1212",
      archivePrefix  = "arXiv",
      primaryClass   = "nucl-th",
      SLACcitation   = "%%CITATION = ARXIV:1411.1212;%%"
}
@article{jpg16,
      author         = "Navarro P\'erez, R. and Amaro,
                  J. E. and Arriola, E. Ruiz",
      title          = "{The Low energy structure of the
                  Nucleon-Nucleon interaction: Statistical vs
                  Systematic Uncertainties}",
      journal        = "J.Phys.",
      number         = "11",
      volume         = "G43",
      pages          = "114001",
      year           = "2016",
      doi            = "10.1088/0954-3899/43/11/114001",
      eprint         = "1410.8097",
      archivePrefix  = "arXiv",
      primaryClass   = "nucl-th",
      SLACcitation   = "%%CITATION = ARXIV:1410.8097;%%",
}

@article{prc14c,
      author         = "Navarro P\'erez, R. and Garrido, E. and Amaro,
                  J. E. and Arriola, E. Ruiz",
      title          = "{Triton binding energy with realistic
                  statistical uncertainties}",
      journal        = "Phys.Rev.",
      volume         = "C90",
      pages          = "047001",
      doi            = "10.1103/PhysRevC.90.047001",
      year           = "2014",
      url            = "http://arxiv.org/abs/1407.7784",
      eprint         = "1407.7784",
      archivePrefix  = "arXiv",
      primaryClass   = "nucl-th",
      SLACcitation   = "%%CITATION = ARXIV:1407.7784;%%",
}

@article{plb14,
      author         = "Navarro P\'erez, R. and Amaro, J. E. and Ruiz Arriola, E.",
      title          = "{Bootstrapping the statistical uncertainties of NN
                        scattering data}",
      journal        = "Phys.Lett.",
      volume         = "B738",
      pages          = "155-159",
      doi            = "10.1016/j.physletb.2014.09.035",
      year           = "2014",
      eprint         = "1407.3937",
      archivePrefix  = "arXiv",
      primaryClass   = "nucl-th",
      SLACcitation   = "%%CITATION = ARXIV:1407.3937;%%",
}


@article{jpg15,
      author         = "Navarro P\'erez, R. and Amaro, J.E. and Ruiz
                  Arriola, E.",
      title          = "{Error analysis of nuclear forces and effective
                        interactions}",
      journal        = "J.Phys.",
      number         = "3",
      volume         = "G42",
      pages          = "034013",
      doi            = "10.1088/0954-3899/42/3/034013",
      year           = "2015",
      eprint         = "1406.0625",
      archivePrefix  = "arXiv",
      primaryClass   = "nucl-th",
      SLACcitation   = "%%CITATION = ARXIV:1406.0625;%%",
}

@article{prc14b,
      author         = "Navarro P\'erez, R. and Amaro, J. E. and Ruiz Arriola, E.",
      title          = "{Statistical Error analysis of Nucleon-Nucleon
                        phenomenological potentials}",
      journal        = "Phys.Rev.",
      volume         = "C89",
      pages          = "064006",
      doi            = "10.1103/PhysRevC.89.064006",
      year           = "2014",
      eprint         = "1404.0314",
      archivePrefix  = "arXiv",
      primaryClass   = "nucl-th",
      SLACcitation   = "%%CITATION = ARXIV:1404.0314;%%",
}

@article{fbs13b,
      author         = "Navarro P\'erez, R. and Amaro, J. E. and Ruiz Arriola, E.",
      title          = "{Partial Wave Analysis of Chiral NN Interactions}",
      journal        = "Few-Body Systems",
      pages          = "1-5",
      doi            = "10.1007/s00601-014-0817-3",
      issn           = "0177-7963",
      publisher      = "Springer Vienna",
      year           = "2014",
      eprint         = "1310.8167",
      archivePrefix  = "arXiv",
      primaryClass   = "nucl-th",
      SLACcitation   = "%%CITATION = ARXIV:1310.8167;%%",
}

@article{fbs13a,
      author         = "Amaro, J. E. and Navarro P\'erez, R. and Ruiz Arriola, E.",
      title          = "{Error Analysis of Nuclear Matrix Elements}",
      journal        = "Few-Body Systems",
      pages          = "1-5",
      doi            = "10.1007/s00601-013-0756-4",
      issn           = "0177-7963",
      publisher      = "Springer Vienna",
      year           = "2013",
      eprint         = "1310.7456",
      archivePrefix  = "arXiv",
      primaryClass   = "nucl-th",
      SLACcitation   = "%%CITATION = ARXIV:1310.7456;%%",
}

@article{prc14a,
      author         = "Navarro P\'erez, R. and Amaro, J. E. and Ruiz Arriola, E.",
      title          = "{Coarse grained NN potential with Chiral Two Pion
                        Exchange}",
      journal        = "Phys.Rev.",
      volume         = "C89",
      pages          = "024004",
      doi            = "10.1103/PhysRevC.89.024004",
      year           = "2014",
      eprint         = "1310.6972",
      archivePrefix  = "arXiv",
      primaryClass   = "nucl-th",
      SLACcitation   = "%%CITATION = ARXIV:1310.6972;%%",
}
@article{prc13b,
      author         = "Navarro P\'erez, R. and Amaro, J. E. and Ruiz Arriola, E.",
      title          = "{Coarse-grained potential analysis of neutron-proton and
                        proton-proton scattering below the pion production
                        threshold}",
      journal        = "Phys.Rev.",
      number         = "6",
      volume         = "C88",
      pages          = "064002",
      doi            = "10.1103/PhysRevC.88.064002",
      year           = "2013",
      eprint         = "1310.2536",
      archivePrefix  = "arXiv",
      primaryClass   = "nucl-th",
      Note           = "\textbf{<Editors' Suggestion|Sugerencia del editor>}",
      SLACcitation   = "%%CITATION = ARXIV:1310.2536;%%",
}
@article{prc13a,
      author         = "Navarro P\'erez, R. and Amaro, J. E. and Ruiz Arriola, E.",
      title          = "{Partial Wave Analysis of Nucleon-Nucleon Scattering
                        below pion production threshold}",
      journal        = "Phys.Rev.",
      number         = "6",
      volume         = "C88",
      pages          = "024002",
      doi            = "10.1103/PhysRevC.88.024002, 10.1103/PhysRevC.88.069902",
      year           = "2013",
      eprint         = "1304.0895",
      archivePrefix  = "arXiv",
      primaryClass   = "nucl-th",
      SLACcitation   = "%%CITATION = ARXIV:1304.0895;%%",
}
@article{cd12,
      author         = "Navarro P\'erez, Rodrigo and Amaro, J. E. and Ruiz Arriola,
                        E.",
      title          = "{Nucleon-Nucleon Chiral Two Pion Exchange potential vs
                        Coarse grained interactions}",
      journal        = "PoS",
      volume         = "CD12",
      pages          = "104",
      year           = "2013",
      doi            = "10.22323/1.172.0104",
      eprint         = "1301.6949",
      archivePrefix  = "arXiv",
      primaryClass   = "nucl-th",
      SLACcitation   = "%%CITATION = ARXIV:1301.6949;%%",
}
@article{fbs12,
      author         = "Navarro P\'erez, R. and Amaro, J. E. and Ruiz Arriola, E.",
      title          = "{Effective Interactions in the Delta-Shells Potential}",
      journal        = "Few Body Syst.",
      volume         = "54",
      pages          = "1487-1490",
      doi            = "10.1007/s00601-012-0537-5",
      year           = "2013",
      eprint         = "1209.6269",
      archivePrefix  = "arXiv",
      primaryClass   = "nucl-th",
      SLACcitation   = "%%CITATION = FBSYE,54,1487;%%",
}
@article{qnp12,
      author         = "Navarro P\'erez, R. and Amaro, J. E. and Ruiz Arriola, E.",
      title          = "{Nuclear Binding Energies and NN uncertainties}",
      journal        = "PoS",
      volume         = "QNP2012",
      pages          = "145",
      year           = "2012",
      doi            = "10.22323/1.157.0145",
      eprint         = "1206.3508",
      archivePrefix  = "arXiv",
      primaryClass   = "nucl-th",
      SLACcitation   = "%%CITATION = ARXIV:1206.3508;%%",
}
@article{arXiv12,
      author         = "Navarro P\'erez, R. and Amaro, J. E. and Ruiz Arriola, E.",
      title          = "{Error estimates on Nuclear Binding Energies from
                        Nucleon-Nucleon uncertainties}",
      year           = "2012",
      url            = "http://arxiv.org/abs/1202.6624",
      eprint         = "1202.6624",
      archivePrefix  = "arXiv",
      primaryClass   = "nucl-th",
      SLACcitation   = "%%CITATION = ARXIV:1202.6624;%%",
}
@article{plb13,
      author         = "Navarro P\'erez, R. and Amaro, J. E. and Ruiz Arriola, E.",
      title          = "{Phenomenological High Precision Neutron-Proton
                        Delta-Shell Potential}",
      journal        = "Phys.Lett.",
      volume         = "B724",
      pages          = "138-143",
      doi            = "10.1016/j.physletb.2013.05.066",
      year           = "2013",
      eprint         = "1202.2689",
      archivePrefix  = "arXiv",
      primaryClass   = "nucl-th",
      SLACcitation   = "%%CITATION = ARXIV:1202.2689;%%",
}
@article{ppnp12,
      author         = "Navarro P\'erez, R. and Amaro, J. E. and Ruiz Arriola, E.",
      title          = "{Coarse graining Nuclear Interactions}",
      journal        = "Prog.Part.Nucl.Phys.",
      volume         = "67",
      pages          = "359-364",
      doi            = "10.1016/j.ppnp.2011.12.044",
      year           = "2012",
      eprint         = "1111.4328",
      archivePrefix  = "arXiv",
      primaryClass   = "nucl-th",
      SLACcitation   = "%%CITATION = ARXIV:1111.4328;%%",
}

@article{ssnp08,
      author         = "Mach, H. and Navarro P\'erez, R. and Fraile et al, L. M. ",
      title          = "Surprising Features of Simple Nuclear Systems Just above $^{132}$Sn",
      journal        = "Changing Facets of Nuclear Structure",
      pages          = "263-271",
      year           = "2008",
      doi            = "10.1142/9789812779038_0028",
}

@mastersthesis{bcs,
	Author = {Navarro P\'erez, Rodrigo},
	School = {Universidad de las Américas, Puebla},
	Title = {Obtención del Estado base para la Cuerda de un Gravitón},
	Type = {Bachelor's Thesis},
	X-Kind = {thesis},
	Year = {2008}}

@mastersthesis{phd,
	Author = {Navarro P\'erez, Rodrigo},
	School = {Universidad de Granada},
	Title = {Statistical error analysis of the Nuclear Force},
	Type = {PhD Thesis},
	X-Kind = {thesis},
	Year = {2015}}

	
@mastersthesis{master,
	Author = {Navarro Pérez, Rodrigo},
	School = {Universidad de Granada},
	Title = {Solución al Problema de Campos Hipercríticos mediante Condiciones de Frontera},
	X-Kind = {thesis},
	Year = {2010}}
